% GAN
@article{goodfellow2014GAN,
  title={Generative adversarial nets},
  author={Goodfellow, Ian and Pouget-Abadie, Jean and Mirza, Mehdi and Xu, Bing and Warde-Farley, David and Ozair, Sherjil and Courville, Aaron and Bengio, Yoshua},
  journal={Advances in neural information processing systems},
  volume={27},
  year={2014}
}

@article{creswell2018GANoverview,
  title={Generative adversarial networks: An overview},
  author={Creswell, Antonia and White, Tom and Dumoulin, Vincent and Arulkumaran, Kai and Sengupta, Biswa and Bharath, Anil A},
  journal={IEEE Signal Processing Magazine},
  volume={35},
  number={1},
  pages={53--65},
  year={2018},
  publisher={IEEE}
}

% Style Transfer
@article{gatys2016styleTransfer,
  author    = {Leon A. Gatys and
               Alexander S. Ecker and
               Matthias Bethge},
  title     = {A Neural Algorithm of Artistic Style},
  journal   = {CoRR},
  volume    = {abs/1508.06576},
  year      = {2015},
  url       = {http://arxiv.org/abs/1508.06576},
  eprinttype = {arXiv},
  eprint    = {1508.06576},
  timestamp = {Thu, 14 Oct 2021 09:16:23 +0200},
  biburl    = {https://dblp.org/rec/journals/corr/GatysEB15a.bib},
  bibsource = {dblp computer science bibliography, https://dblp.org}
}

@article{Ashikhmin2003st,
  author    = {N.Ashikhmin},
  title     = {Fast texture transfer},
  journal   = {IEEE Computer Graphics and Applications},
  volume    = {23(4):38â€“43},
  year      = {2003},
  url       = {https://dl.acm.org/doi/10.1109/MCG.2003.1210863}
}

@article{Hertzmann2001st,
  author    = {A. Hertzmann and C.E. Jacobs and N. Oliver and B. Curless and D.H. Salesi},
  title     = {Image analogies.},
  journal   = {ACM: In Proceedings of the 28th annual conference on Computer graphics and interactive techniques},
  year      = {2001},
  url       = {https://mrl.cs.nyu.edu/publications/image-analogies/}
}

 
@article{denton2015deepGAN,
  title={Deep generative image models using a laplacian pyramid of adversarial networks},
  author={Denton, Emily L and Chintala, Soumith and Fergus, Rob and others},
  journal={Advances in neural information processing systems},
  volume={28},
  year={2015}
}

@article{radford2015unsupervisedGAN,
  title={Unsupervised representation learning with deep convolutional generative adversarial networks},
  author={Radford, Alec and Metz, Luke and Chintala, Soumith},
  journal={arXiv preprint arXiv:1511.06434},
  year={2015}
}

% Style transfer w/ GAN
@article{Gated-GAN,
  author={Chen, Xinyuan and Xu, Chang and Yang, Xiaokang and Song, Li and Tao, Dacheng},
  journal={IEEE Transactions on Image Processing}, 
  title={Gated-GAN: Adversarial Gated Networks for Multi-Collection Style Transfer}, 
  year={2019},
  volume={28},
  number={2},
  pages={546-560},
  doi={10.1109/TIP.2018.2869695}
}

@inproceedings{DRB-GAN,
  title={DRB-GAN: A dynamic resblock generative adversarial network for artistic style transfer},
  author={Xu, Wenju and Long, Chengjiang and Wang, Ruisheng and Wang, Guanghui},
  booktitle={Proceedings of the IEEE/CVF International Conference on Computer Vision},
  pages={6383--6392},
  year={2021}
}

@article{AgarPlateGAN,
  title={Image generation by GAN and style transfer for agar plate image segmentation},
  author={Andreini, Paolo and Bonechi, Simone and Bianchini, Monica and Mecocci, Alessandro and Scarselli, Franco},
  journal={Computer methods and programs in biomedicine},
  volume={184},
  pages={105268},
  year={2020},
  publisher={Elsevier}
}

% GAN and Fashion
@article{pandey2020polyGAN,
  title={Poly-GAN: Multi-conditioned GAN for fashion synthesis},
  author={Pandey, Nilesh and Savakis, Andreas},
  journal={Neurocomputing},
  volume={414},
  pages={356--364},
  year={2020},
  publisher={Elsevier}
}

@article{wang2020fashionSegmentation,
  title={Image localized style transfer to design clothes based on CNN and interactive segmentation},
  author={Wang, Hanying and Xiong, Haitao and Cai, Yuanyuan},
  journal={Computational Intelligence and Neuroscience},
  volume={2020},
  year={2020},
  publisher={Hindawi}
}
=
@article{liu2021fashionVisTool,
  author    = {Xin Liu and
               Jiancheng Li and
               Jiaqi Wang and
               Ziwei Liu},
  title     = {MMFashion: An Open-Source Toolbox for Visual Fashion Analysis},
  journal   = {CoRR},
  volume    = {abs/2005.08847},
  year      = {2020},
  url       = {https://arxiv.org/abs/2005.08847},
  eprinttype = {arXiv},
  eprint    = {2005.08847},
  timestamp = {Thu, 09 Dec 2021 16:25:28 +0100},
  biburl    = {https://dblp.org/rec/journals/corr/abs-2005-08847.bib},
  bibsource = {dblp computer science bibliography, https://dblp.org}
}

@inproceedings{yildirim2019customOutfits,
  title={Generating high-resolution fashion model images wearing custom outfits},
  author={Yildirim, Gokhan and Jetchev, Nikolay and Vollgraf, Roland and Bergmann, Urs},
  booktitle={Proceedings of the IEEE/CVF International Conference on Computer Vision Workshops},
  pages={0--0},
  year={2019}
}

@inproceedings{kato2019ganClothing,
  title={Gans-based clothes design: Pattern maker is all you need to design clothing},
  author={Kato, Natsumi and Osone, Hiroyuki and Oomori, Kotaro and Ooi, Chun Wei and Ochiai, Yoichi},
  booktitle={Proceedings of the 10th Augmented Human International Conference 2019},
  pages={1--7},
  year={2019}
}

@article{rostamzadeh2018fashion-gen,
  title={Fashion-gen: The generative fashion dataset and challenge},
  author={Rostamzadeh, Negar and Hosseini, Seyedarian and Boquet, Thomas and Stokowiec, Wojciech and Zhang, Ying and Jauvin, Christian and Pal, Chris},
  journal={arXiv preprint arXiv:1806.08317},
  year={2018}
}

@inproceedings{hsiao2019fashion++,
  title={Fashion++: Minimal edits for outfit improvement},
  author={Hsiao, Wei-Lin and Katsman, Isay and Wu, Chao-Yuan and Parikh, Devi and Grauman, Kristen},
  booktitle={Proceedings of the IEEE/CVF International Conference on Computer Vision},
  pages={5047--5056},
  year={2019}
}

@inproceedings{ak2019attributeGAN,
  title={Attribute manipulation generative adversarial networks for fashion images},
  author={Ak, Kenan E and Lim, Joo Hwee and Tham, Jo Yew and Kassim, Ashraf A},
  booktitle={Proceedings of the IEEE/CVF International Conference on Computer Vision},
  pages={10541--10550},
  year={2019}
}
@inproceedings{m3dvton,
    author    = {Zhao, Fuwei and Xie, Zhenyu and Kampffmeyer, Michael and Dong, Haoye and Han, Songfang and Zheng, Tianxiang and Zhang, Tao and Liang, Xiaodan},
    title     = {M3D-VTON: A Monocular-to-3D Virtual Try-On Network},
    booktitle = {Proceedings of the IEEE/CVF International Conference on Computer Vision (ICCV)},
    month     = {October},
    year      = {2021},
    pages     = {13239-13249}
}


% tryon
@article{Pang2021tryon,
  title={An Efficient Style Virtual Try on Network for
Clothing Business Industry},
  author={Shanchen Pang and Xixi Tao and Neal N. Xiong and Yukun Dong},
  journal={arXiv preprint arXiv:2105.13183},
  year={2021}
}

@article{Tiwari2021tryon,
  title={DeepDraper: Fast and Accurate 3D Garment Draping over a 3D Human Body},
  author={Lokender Tiwari and Brojeshwar Bhowmick},
  journal={arXiv preprint},
  year={2021}
}

% Transformers
@article{khan2021CVtransSurvey,
  title={Transformers in vision: A survey},
  author={Khan, Salman and Naseer, Muzammal and Hayat, Munawar and Zamir, Syed Waqas and Khan, Fahad Shahbaz and Shah, Mubarak},
  journal={ACM Computing Surveys (CSUR)},
  year={2021},
  publisher={ACM New York, NY}
}

@inproceedings{lu2022transTextureSynthesis,
  title={Transformer-Based Neural Texture Synthesis and Style Transfer},
  author={Lu, Jiahao},
  booktitle={2022 4th Asia Pacific Information Technology Conference},
  pages={88--95},
  year={2022}
}

@article{malpure2021finetuneTrans,
  title={Investigating Transfer Learning Capabilities of Vision Transformers and CNNs by Fine-Tuning a Single Trainable Block},
  author={Malpure, Durvesh and Litake, Onkar and Ingle, Rajesh},
  journal={arXiv preprint arXiv:2110.05270},
  year={2021}
}

@inproceedings{wu2021styleformer,
  title={StyleFormer: Real-Time Arbitrary Style Transfer via Parametric Style Composition},
  author={Wu, Xiaolei and Hu, Zhihao and Sheng, Lu and Xu, Dong},
  booktitle={Proceedings of the IEEE/CVF International Conference on Computer Vision},
  pages={14618--14627},
  year={2021}
}

@article{deng2021stytr,
  title={StyTr\^{} 2: Unbiased Image Style Transfer with Transformers},
  author={Deng, Yingying and Tang, Fan and Pan, Xingjia and Dong, Weiming and Ma, Chongyang and Xu, Changsheng},
  journal={arXiv preprint arXiv:2105.14576},
  year={2021}
}


% datasets
@article{rost2018fashiongen,
  title={Fashion-Gen: The Generative Fashion Dataset and Challenge},
  author={Negar Rostamzadeh and Seyedarian Hosseini and Thomas Boquet and Wojciech Stokowiec and Ying Zhang },
  journal={arXiv preprint arXiv:1806.08317},
  year={2018}
}

@misc{dong2019data1,
  doi = {10.48550/ARXIV.1902.11026},
  url = {https://arxiv.org/abs/1902.11026},
  author = {Dong, Haoye and Liang, Xiaodan and Wang, Bochao and Lai, Hanjiang and Zhu, Jia and Yin, Jian},
  keywords = {Computer Vision and Pattern Recognition (cs.CV), FOS: Computer and information sciences, FOS: Computer and information sciences},
  title = {Towards Multi-pose Guided Virtual Try-on Network},
  publisher = {arXiv},
  year = {2019},
  copyright = {arXiv.org perpetual, non-exclusive license}
}


% 3D Modeling
@article{saito2020PIFuHD,
  doi = {10.48550/ARXIV.2004.00452},
  url = {https://arxiv.org/abs/2004.00452},
  author = {Saito, Shunsuke and Simon, Tomas and Saragih, Jason and Joo, Hanbyul},
  journal   = {CoRR},
  keywords = {Computer Vision and Pattern Recognition (cs.CV), Graphics (cs.GR), FOS: Computer and information sciences, FOS: Computer and information sciences},
  title = {PIFuHD: Multi-Level Pixel-Aligned Implicit Function for High-Resolution 3D Human Digitization},
  publisher = {arXiv},
  year = {2020},
  copyright = {arXiv.org perpetual, non-exclusive license}
}

@misc{zhureef,
    title = {Registering Explicit to Implicit: Towards High-Fidelity Garment mesh Reconstruction from Single Images},
    author = {Zhu, Heming and Qiu, Lingteng and Qiu, Yuda and Han, Xiaoguang},
    year={2022},
    publisher = {arXiv},
    doi = {10.48550/ARXIV.2203.15007},
}

@article{Ionescu2014pose,
author = {Ionescu, Catalin and Papava, Dragos and Olaru, Vlad and Sminchisescu,  Cristian},
title = {Human3.6M: Large Scale Datasets and Predictive Methods for 3D Human Sensing in Natural Environments},
journal = {IEEE Transactions on Pattern Analysis and Machine Intelligence},
publisher = {IEEE Computer Society},
volume = {36},
number = {7},
pages = {1325-1339},
month = {jul},
year = {2014}
}

@article{Ionescu2011pose,
author = {Catalin Ionescu, Fuxin Li, Cristian Sminchisescu},
title = {Latent Structured Models for Human Pose Estimation},
booktitle = {International Conference on Computer Vision},
year = {2011}
}



% evaluation
@misc{date2017fashion2d,
  doi = {10.48550/ARXIV.1707.09899},
  url = {https://arxiv.org/abs/1707.09899},
  author = {Date, Prutha and Ganesan, Ashwinkumar and Oates, Tim},
  keywords = {Computer Vision and Pattern Recognition (cs.CV), Artificial Intelligence (cs.AI), Information Retrieval (cs.IR), Neural and Evolutionary Computing (cs.NE), FOS: Computer and information sciences, FOS: Computer and information sciences},
  title = {Fashioning with Networks: Neural Style Transfer to Design Clothes},
  publisher = {arXiv},
  year = {2017},
  copyright = {arXiv.org perpetual, non-exclusive license}
}


@ARTICLE{wang2015eval,
  author={Zhou Wang and Bovik, A.C. and Sheikh, H.R. and Simoncelli, E.P.},
  journal={IEEE Transactions on Image Processing}, 
  title={Image quality assessment: from error visibility to structural similarity}, 
  year={2004},
  volume={13},
  number={4},
  pages={600-612},
  doi={10.1109/TIP.2003.819861}}


@article{borji2018eval,
  title={Pros and Cons of GAN Evaluation Measures},
  author={Ali Borji},
  journal={arXiv preprint arXiv:1802.03446},
  year={2018}
}

@article{zhou2019hype,
  title={HYPE: A Benchmark for Human eYe Perceptual Evaluation of Generative Models},
  author={Sharon Zhou and Mitchell L. Gordon and Ranjay Krishna and Austin Narcomey, Li Fei-Fei and Michael S. Bernstein},
  journal={NeurIPS 2019},
  year={2019}
}

@article{salimans2016eval,
  title={Improved Techniques for Training GANs},
  author={Tim Salimans and Ian Goodfellow and Wojciech Zaremba and Vicki Cheung and Alec Radford and Xi Chen},
  journal={arXiv preprint arXiv:1606.03498},
  year={2016}
}

@article{szegedy2015is,
  title={Rethinking the Inception Architecture for Computer Vision},
  author={Christian Szegedy and Vincent Vanhoucke and Sergey Ioffe and Jonathon Shlens and Zbigniew Wojna},
  journal={arXiv preprint arXiv:1512.00567},
  year={2015}
}